% This file was created with JabRef 2.8.1.
% Encoding: Cp1252

@ARTICLE{Aila2009,
  author = {Aila, Timo},
  title = {{Understanding the efficiency of ray traversal on GPUs}},
  journal = {Proceedings of the Conference on High Performance},
  year = {2009},
  file = {:C$\backslash$:/Users/steve-laptop-M4600/AppData/Local/Mendeley Ltd./Mendeley Desktop/Downloaded/Aila - 2009 - Understanding the efficiency of ray traversal on GPUs.pdf:pdf},
  keywords = {be a major cost,depending on the application,in particular we will,may
	or may not,not discuss shading,on gpus,on the efficiency of,ray tracing,simd,simt,this
	document focuses exclusively,trace,we,which},
  url = {http://dl.acm.org/citation.cfm?id=1572792}
}

@ARTICLE{Aila2012,
  author = {Aila, Timo and Laine, Samuli},
  title = {{Understanding the Efficiency of Ray Traversal on GPUs â€“ Kepler
	and Fermi Addendum}},
  year = {2012},
  pages = {1--4}
}

@ARTICLE{Bentley:1975:MBS:361002.361007,
  author = {Bentley, Jon Louis},
  title = {Multidimensional binary search trees used for associative searching},
  journal = {Commun. ACM},
  year = {1975},
  volume = {18},
  pages = {509--517},
  number = {9},
  month = sep,
  acmid = {361007},
  address = {New York, NY, USA},
  issn = {0001-0782},
  issue_date = {Sept. 1975},
  numpages = {9},
  publisher = {ACM}
}

@ARTICLE{Guide2012,
  author = {nVidia Corporation},
  title = {NVIDIA CUDA Programming Guide},
  year = {2012}
}

@ARTICLE{Goral:1984:MIL:964965.808601,
  author = {Goral, Cindy M and Torrance, Kenneth E and Greenberg, Donald P and
	Battaile, Bennett},
  title = {{Modeling the interaction of light between diffuse surfaces}},
  journal = {SIGGRAPH Comput. Graph.},
  year = {1984},
  volume = {18},
  pages = {213--222},
  number = {3},
  month = jan
}

@INPROCEEDINGS{günther:realtime,
  author = {Johannes Günther and Ingo Wald and Philipp Slusallek},
  title = {Realtime Caustics using Distributed Photon Mapping},
  booktitle = {Rendering Techniques'04},
  year = {2004},
  pages = {111-122}
}

@ARTICLE{Hanrahan:1991:RHR:127719.122740,
  author = {Hanrahan, Pat and Salzman, David and Aupperle, Larry},
  title = {A rapid hierarchical radiosity algorithm},
  journal = {SIGGRAPH Comput. Graph.},
  year = {1991},
  volume = {25},
  pages = {197--206},
  number = {4},
  month = jul,
  acmid = {122740},
  address = {New York, NY, USA},
  issn = {0097-8930},
  issue_date = {July 1991},
  keywords = {global illumination, n-body problem, radiosity, ray-tracing},
  numpages = {10},
  publisher = {ACM}
}

@ARTICLE{Hasenfratz2003,
  author = {Hasenfratz, J. -M. and Lapierre, M. and Holzschuch, N. and Sillion,
	F.},
  title = {{A Survey of Real-time Soft Shadows Algorithms}},
  journal = {Computer Graphics Forum},
  year = {2003},
  volume = {22},
  pages = {753--774},
  number = {4},
  month = dec,
  issn = {0167-7055}
}

@PHDTHESIS{Havran2000:PhD,
  author = {Vlastimil Havran},
  title = {{Heuristic Ray Shooting Algorithms}},
  school = {Department of Computer Science and Engineering, Faculty of Electrical
	Engineering, Czech Technical University in Prague},
  year = {2000},
  type = {Ph.D. Thesis},
  month = {November}
}

@BOOK{HenrikWannJensen2004,
  title = {{Realistic Image Synthesis Using Photon Mapping}},
  year = {2004},
  author = {{Henrik Wann Jensen}},
  booktitle = {Chemistry \&amp;}
}

@INPROCEEDINGS{Holzschuch94anefficient,
  author = {Nicolas Holzschuch and François Sillion and George Drettakis},
  title = {An Efficient Progressive Refinement Strategy for Hierarchical Radiosity},
  booktitle = {In Fifth Eurographics Workshop on Rendering},
  year = {1994},
  pages = {343--357},
  publisher = {Springer}
}

@ARTICLE{Horn2006,
  author = {Horn, Daniel Reiter and Houston, Mike and Hanrahan, Pat},
  title = {{Interactive k-D Tree GPU Raytracing}},
  year = {2006},
  file = {:C$\backslash$:/Users/steve-laptop-M4600/AppData/Local/Mendeley Ltd./Mendeley Desktop/Downloaded/Horn, Houston, Hanrahan - 2006 - Interactive k-D Tree GPU Raytracing.pdf:pdf},
  keywords = {data,gpu computing,parallel computing,programmable graphics hardware,stream
	computing}
}

@INPROCEEDINGS{Horn:2007:IKT:1230100.1230129,
  author = {Horn, Daniel Reiter and Sugerman, Jeremy and Houston, Mike and Hanrahan,
	Pat},
  title = {Interactive k-d tree GPU raytracing},
  booktitle = {Proceedings of the 2007 symposium on Interactive 3D graphics and
	games},
  year = {2007},
  series = {I3D '07},
  pages = {167--174},
  address = {New York, NY, USA},
  publisher = {ACM},
  acmid = {1230129},
  isbn = {978-1-59593-628-8},
  location = {Seattle, Washington},
  numpages = {8}
}

@ARTICLE{Jensen1996,
  author = {Jensen, Henrik Wann},
  title = {{Global Illumination using Photon Maps Overview of the Method}},
  year = {1996},
  volume = {96},
  pages = {21--30},
  file = {:C$\backslash$:/Users/steve-laptop-M4600/AppData/Local/Mendeley Ltd./Mendeley Desktop/Downloaded/Jensen - 1996 - Global Illumination using Photon Maps Overview of the Method.pdf:pdf},
  keywords = {global illumination,monte carlo ray trac-,photon maps}
}

@ARTICLE{Jong2006,
  author = {Jong, BS and Tseng, JL and Yang, WH},
  title = {{Adaptive photon clustering method based on quadtree structure for
	dynamic scenes}},
  journal = {Multi-Media Modelling},
  year = {2006},
  file = {:C$\backslash$:/Users/steve-laptop-M4600/AppData/Local/Mendeley Ltd./Mendeley Desktop/Downloaded/Jong, Tseng, Yang - 2006 - Adaptive photon clustering method based on quadtree structure for dynamic scenes.pdf:pdf},
  isbn = {1424400287},
  url = {http://ieeexplore.ieee.org/xpls/abs\_all.jsp?arnumber=1651322}
}

@INPROCEEDINGS{Kajiya:1986:RE:15922.15902,
  author = {Kajiya, James T},
  title = {{The rendering equation}},
  booktitle = {Proceedings of the 13th annual conference on Computer graphics and
	interactive techniques},
  year = {1986},
  series = {SIGGRAPH '86},
  pages = {143--150},
  address = {New York, NY, USA},
  publisher = {ACM},
  isbn = {0-89791-196-2}
}

@INPROCEEDINGS{Lafortune93bi-directionalpath,
  author = {Eric P. Lafortune and Yves D. Willems},
  title = {Bi-Directional Path Tracing},
  booktitle = {PROCEEDINGS OF THIRD INTERNATIONAL CONFERENCE ON COMPUTATIONAL GRAPHICS
	AND VISUALIZATION TECHNIQUES (COMPUGRAPHICS ’93},
  year = {1993},
  pages = {145--153}
}

@INPROCEEDINGS{Lauterbach09fastbvh,
  author = {C. Lauterbach and M. Garl and S. Sengupta and D. Luebke and D. Manocha},
  title = {Fast bvh construction on gpus},
  booktitle = {In Proc. Eurographics ’09},
  year = {2009}
}

@ARTICLE{Lee1977,
  author = {Lee, D.T. and Wong, C.K.},
  title = {Worst-case analysis for region and partial region searches in multidimensional
	binary search trees and balanced quad trees},
  journal = {Acta Informatica},
  year = {1977},
  volume = {9},
  pages = {23-29},
  issn = {0001-5903},
  issue = {1},
  language = {English},
  publisher = {Springer-Verlag}
}

@ARTICLE{Luebke2008,
  author = {D. Luebke and S. Parker},
  title = {Interactive Ray Tracing with CUDA},
  journal = {NVISION08,},
  year = {2008.},
  owner = {steve-laptop-M4600},
  timestamp = {2012.09.10}
}

@ARTICLE{springerlink:10.1007/BF01911006,
  author = {MacDonald, J. David and Booth, Kellogg S.},
  title = {Heuristics for ray tracing using space subdivision},
  journal = {The Visual Computer},
  year = {1990},
  volume = {6},
  pages = {153-166},
  note = {10.1007/BF01911006},
  affiliation = {Visual Edge Software Ltd. Montreal Quebec Canada},
  issn = {0178-2789},
  issue = {3},
  keyword = {Computer Science},
  publisher = {Springer Berlin / Heidelberg}
}

@ARTICLE{Mark2007,
  author = {Mark Harris, Shubhabrata Sengupta  and John D. Owens},
  title = {Parallel Prefix Sum (Scan) with CUDA},
  journal = {GPU Gems 3},
  year = {2007},
  owner = {steve-laptop-M4600},
  timestamp = {2012.09.10}
}

@INPROCEEDINGS{Neulander:2011:AIS:2037826.2037876,
  author = {Neulander, Ivan},
  title = {Adaptive importance sampling for multi-ray gathering},
  booktitle = {ACM SIGGRAPH 2011 Talks},
  year = {2011},
  series = {SIGGRAPH '11},
  pages = {38:1--38:1},
  address = {New York, NY, USA},
  publisher = {ACM},
  acmid = {2037876},
  articleno = {38},
  isbn = {978-1-4503-0974-5},
  location = {Vancouver, British Columbia, Canada},
  numpages = {1}
}

@BOOK{Pharr:2010:PBR:1854996,
  title = {{Physically Based Rendering, Second Edition: From Theory To Implementation}},
  publisher = {Morgan Kaufmann Publishers Inc.},
  year = {2010},
  author = {Pharr, Matt and Humphreys, Greg},
  address = {San Francisco, CA, USA},
  edition = {2nd},
  isbn = {0123750792, 9780123750792}
}

@INPROCEEDINGS{popov:06:ESC,
  author = {Stefan Popov and Johannes G{\"u}nther and Hans-Peter Seidel and Philipp
	Slusallek},
  title = {Experiences with Streaming Construction of {SAH} {KD}-Trees},
  booktitle = {Proceedings of the 2006 IEEE Symposium on Interactive Ray Tracing},
  year = {2006},
  pages = {89--94},
  month = sep
}

@ARTICLE{Popov2007,
  author = {Popov, Stefan and G\"{u}nther, Johannes and Seidel, Hans-Peter and
	Slusallek, Philipp},
  title = {{Stackless KD-Tree Traversal for High Performance GPU Ray Tracing}},
  journal = {Computer Graphics Forum},
  year = {2007},
  volume = {26},
  pages = {415--424},
  number = {3},
  month = sep,
  file = {:C$\backslash$:/Users/steve-laptop-M4600/AppData/Local/Mendeley Ltd./Mendeley Desktop/Downloaded/Popov et al. - 2007 - Stackless KD-Tree Traversal for High Performance GPU Ray Tracing.pdf:pdf},
  issn = {0167-7055}
}

@BOOK{Preparata:1985:CGI:4333,
  title = {Computational geometry: an introduction},
  publisher = {Springer-Verlag New York, Inc.},
  year = {1985},
  author = {Preparata, Franco P. and Shamos, Michael I.},
  address = {New York, NY, USA},
  isbn = {0-387-96131-3}
}

@ARTICLE{Purcell:2002:RTP:566654.566640,
  author = {Purcell, Timothy J. and Buck, Ian and Mark, William R. and Hanrahan,
	Pat},
  title = {Ray tracing on programmable graphics hardware},
  journal = {ACM Trans. Graph.},
  year = {2002},
  volume = {21},
  pages = {703--712},
  number = {3},
  month = jul,
  acmid = {566640},
  address = {New York, NY, USA},
  issn = {0730-0301},
  issue_date = {July 2002},
  keywords = {programmable graphics hardware, ray tracing},
  numpages = {10},
  publisher = {ACM}
}

@ARTICLE{Purcell2002,
  author = {Purcell, Timothy J. and Buck, Ian and Mark, William R. and Hanrahan,
	Pat},
  title = {{Ray tracing on programmable graphics hardware}},
  journal = {ACM Transactions on Graphics},
  year = {2002},
  volume = {21},
  number = {3},
  month = jul,
  doi = {10.1145/566654.566640},
  file = {:C$\backslash$:/Users/steve-laptop-M4600/AppData/Local/Mendeley Ltd./Mendeley Desktop/Downloaded/Purcell et al. - 2002 - Ray tracing on programmable graphics hardware.pdf:pdf},
  issn = {07300301},
  keywords = {programmable graphics hardware,ray tracing},
  url = {http://portal.acm.org/citation.cfm?doid=566654.566640}
}

@INPROCEEDINGS{Purcell:2005:PMP:1198555.1198797,
  author = {Purcell, Timothy J. and Donner, Craig and Cammarano, Mike and Jensen,
	Henrik Wann and Hanrahan, Pat},
  title = {Photon mapping on programmable graphics hardware},
  booktitle = {ACM SIGGRAPH 2005 Courses},
  year = {2005},
  series = {SIGGRAPH '05},
  publisher = {ACM},
  acmid = {1198797},
  articleno = {258},
  location = {Los Angeles, California}
}

@ARTICLE{Ritschel2012,
  author = {Ritschel, Tobias and Dachsbacher, Carsten and Grosch, Thorsten and
	Kautz, Jan},
  title = {{The State of the Art in Interactive Global Illumination}},
  journal = {Computer Graphics Forum},
  year = {2012},
  volume = {31},
  pages = {160--188},
  number = {1},
  month = feb,
  doi = {10.1111/j.1467-8659.2012.02093.x},
  file = {:C$\backslash$:/Users/steve-laptop-M4600/Downloads/j.1467-8659.2012.02093.x.pdf:pdf},
  issn = {01677055},
  keywords = {3,7,acm ccs,and texture,colour,computer graphics,global illumination,i,image
	synthesis,interactive rendering,photon mapping,radiosity,ray tracing,raytracing,real-time
	rendering,shading,shadowing,three-dimensional graphics and realism,volume
	rendering},
  url = {http://doi.wiley.com/10.1111/j.1467-8659.2012.02093.x}
}

@ARTICLE{Shevtsov_highlyparallel,
  author = {Maxim Shevtsov and Alexei Soupikov and Er Kapustin},
  title = {Highly Parallel Fast KD-tree Construction for Interactive Ray Tracing
	of Dynamic Scenes},
  journal = {Computer Graphics Forum},
  year = {2007},
  volume = {26},
  pages = {395-404}
}

@PHDTHESIS{wald::PhD,
  author = {Ingo Wald},
  title = {{Realtime} {Ray} {Tracing} and {Interactive} {Global} {Illumination}},
  school = {Computer Graphics Group, Saarland University},
  year = {2004}
}

@ARTICLE{wald:04:VVH,
  author = {Ingo Wald and Johannes G{\"u}nther and Philipp Slusallek},
  title = {Balancing Considered Harmful -- Faster Photon Mapping using the Voxel
	Volume Heuristic},
  journal = {Computer Graphics Forum},
  year = {2004},
  volume = {22},
  pages = {595--603},
  number = {3},
  note = {(Proceedings of Eurographics)}
}

@INPROCEEDINGS{Wald:2002:IGI:581896.581899,
  author = {Wald, Ingo and Kollig, Thomas and Benthin, Carsten and Keller, Alexander
	and Slusallek, Philipp},
  title = {Interactive global illumination using fast ray tracing},
  booktitle = {Proceedings of the 13th Eurographics workshop on Rendering},
  year = {2002},
  series = {EGRW '02},
  pages = {15--24},
  address = {Aire-la-Ville, Switzerland, Switzerland},
  publisher = {Eurographics Association},
  acmid = {581899},
  isbn = {1-58113-534-3},
  location = {Pisa, Italy},
  numpages = {10}
}

@ARTICLE{Wang2009,
  author = {Wang, Rui and Zhou, Kun and Pan, Minghao and Bao, Hujun},
  title = {{An efficient GPU-based approach for interactive global illumination}},
  journal = {ACM Transactions on Graphics},
  year = {2009},
  volume = {28},
  pages = {1},
  number = {3},
  month = jul,
  doi = {10.1145/1531326.1531397},
  file = {:C$\backslash$:/Users/steve-laptop-M4600/AppData/Local/Mendeley Ltd./Mendeley Desktop/Downloaded/Wang et al. - 2009 - An efficient GPU-based approach for interactive global illumination.pdf:pdf},
  issn = {07300301},
  keywords = {figure 1,final,gather,global illumination,global illumination result
	rendered,gpu,illumination cut,includ-,k-means,manipulate any part
	of,photon mapping,the scene,the user can dynamically,using our algorithm},
  url = {http://portal.acm.org/citation.cfm?doid=1531326.1531397}
}

@ARTICLE{Whitted1980,
  author = {Whitted, Turner},
  title = {{An improved illumination model for shaded display}},
  journal = {Communications of the ACM},
  year = {1980},
  volume = {23},
  pages = {343--349}
}

@ARTICLE{Yu2005,
  author = {Yu, Tin-Tin and Lowther, John and Shene, Ching-Kuang},
  title = {{Photon mapping made easy}},
  journal = {ACM SIGCSE Bulletin},
  year = {2005},
  volume = {37},
  pages = {201},
  number = {1},
  month = feb,
  doi = {10.1145/1047124.1047418},
  file = {:C$\backslash$:/Users/steve-laptop-M4600/AppData/Local/Mendeley Ltd./Mendeley Desktop/Downloaded/Yu, Lowther, Shene - 2005 - Photon mapping made easy.pdf:pdf},
  isbn = {1581139977},
  issn = {00978418},
  keywords = {photon mapping,ray tracing},
  url = {http://portal.acm.org/citation.cfm?doid=1047124.1047418}
}

@ARTICLE{Zhou2008,
  author = {Zhou, Kun and Hou, Q and Wang, R},
  title = {{Real-time kd-tree construction on graphics hardware}},
  journal = {ACM Transactions on Graphics (TOG)},
  year = {2008}
}

