Automatically generated by Mendeley 1.6
Any changes to this file will be lost if it is regenerated by Mendeley.

@article{Jong2006,
author = {Jong, BS and Tseng, JL and Yang, WH},
file = {:C$\backslash$:/Users/steve-laptop-M4600/AppData/Local/Mendeley Ltd./Mendeley Desktop/Downloaded/Jong, Tseng, Yang - 2006 - Adaptive photon clustering method based on quadtree structure for dynamic scenes.pdf:pdf},
isbn = {1424400287},
journal = {Multi-Media Modelling},
title = {{Adaptive photon clustering method based on quadtree structure for dynamic scenes}},
url = {http://ieeexplore.ieee.org/xpls/abs\_all.jsp?arnumber=1651322},
year = {2006}
}
@article{Guide2012,
author = {Guide, Programming},
file = {:C$\backslash$:/Users/steve-laptop-M4600/AppData/Local/Mendeley Ltd./Mendeley Desktop/Downloaded/Guide - 2012 - Nvidia cuda™.pdf:pdf},
title = {{Nvidia cuda™}},
year = {2012}
}
@article{Ritschel2012,
author = {Ritschel, Tobias and Dachsbacher, Carsten and Grosch, Thorsten and Kautz, Jan},
doi = {10.1111/j.1467-8659.2012.02093.x},
file = {:C$\backslash$:/Users/steve-laptop-M4600/Downloads/j.1467-8659.2012.02093.x.pdf:pdf},
issn = {01677055},
journal = {Computer Graphics Forum},
keywords = {3,7,acm ccs,and texture,colour,computer graphics,global illumination,i,image synthesis,interactive rendering,photon mapping,radiosity,ray tracing,raytracing,real-time rendering,shading,shadowing,three-dimensional graphics and realism,volume rendering},
month = feb,
number = {1},
pages = {160--188},
title = {{The State of the Art in Interactive Global Illumination}},
url = {http://doi.wiley.com/10.1111/j.1467-8659.2012.02093.x},
volume = {31},
year = {2012}
}
@article{Yu2005,
author = {Yu, Tin-Tin and Lowther, John and Shene, Ching-Kuang},
doi = {10.1145/1047124.1047418},
file = {:C$\backslash$:/Users/steve-laptop-M4600/AppData/Local/Mendeley Ltd./Mendeley Desktop/Downloaded/Yu, Lowther, Shene - 2005 - Photon mapping made easy.pdf:pdf},
isbn = {1581139977},
issn = {00978418},
journal = {ACM SIGCSE Bulletin},
keywords = {photon mapping,ray tracing},
month = feb,
number = {1},
pages = {201},
title = {{Photon mapping made easy}},
url = {http://portal.acm.org/citation.cfm?doid=1047124.1047418},
volume = {37},
year = {2005}
}
@article{Jensen1996,
author = {Jensen, Henrik Wann},
file = {:C$\backslash$:/Users/steve-laptop-M4600/AppData/Local/Mendeley Ltd./Mendeley Desktop/Downloaded/Jensen - 1996 - Global Illumination using Photon Maps Overview of the Method.pdf:pdf},
keywords = {global illumination,monte carlo ray trac-,photon maps},
pages = {21--30},
title = {{Global Illumination using Photon Maps Overview of the Method}},
volume = {96},
year = {1996}
}
@article{Aila2009,
author = {Aila, Timo},
file = {:C$\backslash$:/Users/steve-laptop-M4600/AppData/Local/Mendeley Ltd./Mendeley Desktop/Downloaded/Aila - 2009 - Understanding the efficiency of ray traversal on GPUs.pdf:pdf},
journal = {Proceedings of the Conference on High Performance},
keywords = {be a major cost,depending on the application,in particular we will,may or may not,not discuss shading,on gpus,on the efficiency of,ray tracing,simd,simt,this document focuses exclusively,trace,we,which},
title = {{Understanding the efficiency of ray traversal on GPUs}},
url = {http://dl.acm.org/citation.cfm?id=1572792},
year = {2009}
}
@article{Whitted1980,
author = {Whitted, Turner},
doi = {10.1145/358876.358882},
file = {:C$\backslash$:/Users/steve-laptop-M4600/Downloads/10.1.1.156.1534.pdf:pdf},
issn = {00010782},
journal = {Communications of the ACM},
keywords = {and phrases,computer animation,computer graphics,shading,visible surface algorithms},
month = jun,
number = {6},
pages = {343--349},
title = {{An improved illumination model for shaded display}},
url = {http://portal.acm.org/citation.cfm?doid=358876.358882},
volume = {23},
year = {1980}
}
@article{Wang2009,
author = {Wang, Rui and Zhou, Kun and Pan, Minghao and Bao, Hujun},
doi = {10.1145/1531326.1531397},
file = {:C$\backslash$:/Users/steve-laptop-M4600/AppData/Local/Mendeley Ltd./Mendeley Desktop/Downloaded/Wang et al. - 2009 - An efficient GPU-based approach for interactive global illumination.pdf:pdf},
issn = {07300301},
journal = {ACM Transactions on Graphics},
keywords = {figure 1,final,gather,global illumination,global illumination result rendered,gpu,illumination cut,includ-,k-means,manipulate any part of,photon mapping,the scene,the user can dynamically,using our algorithm},
month = jul,
number = {3},
pages = {1},
title = {{An efficient GPU-based approach for interactive global illumination}},
url = {http://portal.acm.org/citation.cfm?doid=1531326.1531397},
volume = {28},
year = {2009}
}
@article{Aila2012,
author = {Aila, Timo and Laine, Samuli},
file = {:C$\backslash$:/Users/steve-laptop-M4600/AppData/Local/Mendeley Ltd./Mendeley Desktop/Downloaded/Aila, Laine - 2012 - Understanding the Efficiency of Ray Traversal on GPUs – Kepler and Fermi Addendum.pdf:pdf},
pages = {1--4},
title = {{Understanding the Efficiency of Ray Traversal on GPUs – Kepler and Fermi Addendum}},
year = {2012}
}
@article{Zhou2008,
author = {Zhou, Kun and Hou, Q and Wang, R},
file = {:C$\backslash$:/Users/steve-laptop-M4600/AppData/Local/Mendeley Ltd./Mendeley Desktop/Downloaded/Zhou, Hou, Wang - 2008 - Real-time kd-tree construction on graphics hardware.pdf:pdf},
journal = {ACM Transactions on Graphics (TOG)},
keywords = {dynamic,figure 1,geometry and the light,gpu ray tracing and,kd-tree,photon mapping,photon mapping for a,point cloud modeling,programable graphics hardware,ray tracing,scene,source can be,where both the scene},
title = {{Real-time kd-tree construction on graphics hardware}},
url = {http://dl.acm.org/citation.cfm?id=1409079},
year = {2008}
}
